<?xml version="1.0" encoding="UTF-8"?><record xmlns="http://www.loc.gov/MARC21/slim" xmlns:cinclude="http://apache.org/cocoon/include/1.0" xmlns:zs="http://www.loc.gov/zing/srw/">
  <leader>00588cz  a2200145n  4500</leader>
  <controlfield tag="001">n  88627962 </controlfield>
  <controlfield tag="003">DLC</controlfield>
  <controlfield tag="005">20080305075421.0</controlfield>
  <controlfield tag="008">880414n| acannaabn          |n and      </controlfield>
  <datafield tag="010" ind1=" " ind2=" ">
    <subfield code="a">n  88627962 </subfield>
  </datafield>
  <datafield tag="035" ind1=" " ind2=" ">
    <subfield code="a">(OCoLC)oca02251126</subfield>
  </datafield>
  <datafield tag="040" ind1=" " ind2=" ">
    <subfield code="a">DLC</subfield>
    <subfield code="b">eng</subfield>
    <subfield code="c">DLC</subfield>
    <subfield code="d">DLC</subfield>
    <subfield code="d">OCoLC</subfield>
  </datafield>
  <datafield tag="110" ind1="2" ind2=" ">
    <subfield code="a">Institut de formation par le groupe</subfield>
  </datafield>
  <datafield tag="667" ind1=" " ind2=" ">
    <subfield code="a">NLC not consulted.</subfield>
  </datafield>
  <datafield tag="670" ind1=" " ind2=" ">
    <subfield code="a">nuc88-44378: Le Questionnaire PEEP (Participation e휍혖tudiante a l'e휍혖valuation des professeurs), programme informatique, 1974</subfield>
    <subfield code="b">(hdg. on CaQMM rept.: Institut de formation par le groupe; usage: Institut de formation par le groupe)</subfield>
  </datafield>
</record>